<?xml version="1.0" encoding="UTF-8"?><collection xmlns="http://www.loc.gov/MARC21/slim"><record><leader>00640nam--2200169-i-4500</leader><controlfield tag="001">000010347</controlfield><controlfield tag="002">20161230</controlfield><controlfield tag="005">20161230201028</controlfield><controlfield tag="008">060222s1000------------r-----000-0-eng-d</controlfield><datafield ind1=" " ind2=" " tag="040"><subfield code="a">IFIN-HH</subfield></datafield><datafield ind1=" " ind2=" " tag="080"><subfield code="a">548.539.2.061.3:546.23.546.24</subfield></datafield><datafield ind1="1" ind2=" " tag="100"><subfield code="a">Cooper, Charles W</subfield></datafield><datafield ind1="1" ind2="0" tag="245"><subfield code="a">The physics of selenium and tellurium</subfield><subfield code="b">Proceedings of the international symposium held at montreal, canada october 12-13, 1967 and sponsosred by the selenium-tellurium development association, inc. new york</subfield><subfield code="c">Charles w. cooper (ed.)</subfield></datafield><datafield ind1=" " ind2=" " tag="260"><subfield code="a">Oxford</subfield><subfield code="b">Pergamon Press</subfield><subfield code="c">1969</subfield></datafield><datafield ind1=" " ind2=" " tag="300"><subfield code="a">IX + 380 P</subfield></datafield><datafield ind1=" " ind2=" " tag="852"><subfield code="a">31761</subfield><subfield code="c">539.2</subfield></datafield><datafield ind1=" " ind2=" " tag="CAT"><subfield code="a">Sys</subfield><subfield code="c">20121016</subfield><subfield code="h">150943</subfield></datafield></record></collection>